%% This BibTeX bibliography file was created using BibDesk.
%% http://bibdesk.sourceforge.net/


%% Created for Dan F-M at 2015-04-06 10:05:12 -0700 


%% Saved with string encoding Unicode (UTF-8) 



@article{Knutson:2014,
	Adsnote = {Provided by the SAO/NASA Astrophysics Data System},
	Adsurl = {http://adsabs.harvard.edu/abs/2014ApJ...785..126K},
	Archiveprefix = {arXiv},
	Author = {{Knutson}, H.~A. and {Fulton}, B.~J. and {Montet}, B.~T. and {Kao}, M. and {Ngo}, H. and {Howard}, A.~W. and {Crepp}, J.~R. and {Hinkley}, S. and {Bakos}, G.~{\'A}. and {Batygin}, K. and {Johnson}, J.~A. and {Morton}, T.~D. and {Muirhead}, P.~S.},
	Date-Added = {2015-04-06 17:05:11 +0000},
	Date-Modified = {2015-04-06 17:05:11 +0000},
	Doi = {10.1088/0004-637X/785/2/126},
	Eid = {126},
	Eprint = {1312.2954},
	Journal = {\apj},
	Keywords = {binaries: eclipsing, instrumentation: adaptive optics, planetary systems, techniques: radial velocities},
	Month = apr,
	Pages = {126},
	Primaryclass = {astro-ph.EP},
	Title = {{Friends of Hot Jupiters. I. A Radial Velocity Search for Massive, Long-period Companions to Close-in Gas Giant Planets}},
	Volume = 785,
	Year = 2014,
	Bdsk-Url-1 = {http://dx.doi.org/10.1088/0004-637X/785/2/126}}

@article{Kipping:2014,
	Adsnote = {Provided by the SAO/NASA Astrophysics Data System},
	Adsurl = {http://adsabs.harvard.edu/abs/2014MNRAS.444.2263K},
	Archiveprefix = {arXiv},
	Author = {{Kipping}, D.~M.},
	Date-Added = {2015-04-06 17:02:52 +0000},
	Date-Modified = {2015-04-06 17:02:52 +0000},
	Doi = {10.1093/mnras/stu1561},
	Eprint = {1408.1393},
	Journal = {\mnras},
	Keywords = {methods: statistical, techniques: photometric, techniques: radial velocities, eclipses, planets and satellites: fundamental parameters},
	Month = nov,
	Pages = {2263-2269},
	Primaryclass = {astro-ph.EP},
	Title = {{Bayesian priors for the eccentricity of transiting planets}},
	Volume = 444,
	Year = 2014,
	Bdsk-Url-1 = {http://dx.doi.org/10.1093/mnras/stu1561}}

@article{Winn:2010,
	Adsnote = {Provided by the SAO/NASA Astrophysics Data System},
	Adsurl = {http://adsabs.harvard.edu/abs/2010arXiv1001.2010W},
	Archiveprefix = {arXiv},
	Author = {{Winn}, J.~N.},
	Date-Added = {2015-04-06 16:51:40 +0000},
	Date-Modified = {2015-04-06 16:51:41 +0000},
	Eprint = {1001.2010},
	Journal = {ArXiv e-prints},
	Keywords = {Astrophysics - Earth and Planetary Astrophysics},
	Month = jan,
	Primaryclass = {astro-ph.EP},
	Title = {{Transits and Occultations}},
	Year = 2010}

@article{Petigura:2013,
	Adsnote = {Provided by the SAO/NASA Astrophysics Data System},
	Adsurl = {http://adsabs.harvard.edu/abs/2013PNAS..11019273P},
	Archiveprefix = {arXiv},
	Author = {{Petigura}, E.~A. and {Howard}, A.~W. and {Marcy}, G.~W.},
	Date-Added = {2015-04-03 21:04:14 +0000},
	Date-Modified = {2015-04-03 21:04:16 +0000},
	Eprint = {1311.6806},
	Journal = {Proceedings of the National Academy of Science},
	Keywords = {extrasolar planets, astrobiology},
	Month = nov,
	Pages = {19273-19278},
	Primaryclass = {astro-ph.EP},
	Title = {{Prevalence of Earth-size planets orbiting Sun-like stars}},
	Volume = 110,
	Year = 2013}

@article{Dressing:2015,
	Adsnote = {Provided by the SAO/NASA Astrophysics Data System},
	Adsurl = {http://adsabs.harvard.edu/abs/2015arXiv150101623D},
	Archiveprefix = {arXiv},
	Author = {{Dressing}, C.~D. and {Charbonneau}, D.},
	Date-Added = {2015-04-03 21:04:08 +0000},
	Date-Modified = {2015-04-03 21:04:08 +0000},
	Eprint = {1501.01623},
	Journal = {ArXiv e-prints},
	Keywords = {Astrophysics - Earth and Planetary Astrophysics, Astrophysics - Solar and Stellar Astrophysics},
	Month = jan,
	Primaryclass = {astro-ph.EP},
	Title = {{The Occurrence of Potentially Habitable Planets Orbiting M Dwarfs Estimated from the Full Kepler Dataset and an Empirical Measurement of the Detection Sensitivity}},
	Year = 2015}

@article{Foreman-Mackey:2014,
	Adsnote = {Provided by the SAO/NASA Astrophysics Data System},
	Adsurl = {http://adsabs.harvard.edu/abs/2014ApJ...795...64F},
	Archiveprefix = {arXiv},
	Author = {{Foreman-Mackey}, D. and {Hogg}, D.~W. and {Morton}, T.~D.},
	Date-Added = {2015-04-03 21:03:24 +0000},
	Date-Modified = {2015-04-03 21:03:25 +0000},
	Doi = {10.1088/0004-637X/795/1/64},
	Eid = {64},
	Eprint = {1406.3020},
	Journal = {\apj},
	Keywords = {catalogs, methods: data analysis, methods: statistical, planetary systems, stars: statistics},
	Month = nov,
	Pages = {64},
	Primaryclass = {astro-ph.EP},
	Title = {{Exoplanet Population Inference and the Abundance of Earth Analogs from Noisy, Incomplete Catalogs}},
	Volume = 795,
	Year = 2014,
	Bdsk-Url-1 = {http://dx.doi.org/10.1088/0004-637X/795/1/64}}

@article{Dong:2013,
	Adsnote = {Provided by the SAO/NASA Astrophysics Data System},
	Adsurl = {http://adsabs.harvard.edu/abs/2013ApJ...778...53D},
	Archiveprefix = {arXiv},
	Author = {{Dong}, S. and {Zhu}, Z.},
	Date-Added = {2015-04-03 21:03:02 +0000},
	Date-Modified = {2015-04-03 21:03:03 +0000},
	Doi = {10.1088/0004-637X/778/1/53},
	Eid = {53},
	Eprint = {1212.4853},
	Journal = {\apj},
	Keywords = {planetary systems, stars: statistics, techniques: photometric},
	Month = nov,
	Pages = {53},
	Primaryclass = {astro-ph.EP},
	Title = {{Fast Rise of ''Neptune-size'' Planets (4-8 R $_{âŠ•}$) from P \~{} 10 to \~{}250 Days{\mdash}Statistics of Kepler Planet Candidates up to \~{}0.75 AU}},
	Volume = 778,
	Year = 2013,
	Bdsk-Url-1 = {http://dx.doi.org/10.1088/0004-637X/778/1/53}}

@article{Butler:2006,
	Adsnote = {Provided by the SAO/NASA Astrophysics Data System},
	Adsurl = {http://adsabs.harvard.edu/abs/2006ApJ...646..505B},
	Author = {{Butler}, R.~P. and {Wright}, J.~T. and {Marcy}, G.~W. and {Fischer}, D.~A. and {Vogt}, S.~S. and {Tinney}, C.~G. and {Jones}, H.~R.~A. and {Carter}, B.~D. and {Johnson}, J.~A. and {McCarthy}, C. and {Penny}, A.~J.},
	Date-Added = {2015-04-03 20:54:56 +0000},
	Date-Modified = {2015-04-03 20:54:57 +0000},
	Doi = {10.1086/504701},
	Eprint = {astro-ph/0607493},
	Journal = {\apj},
	Keywords = {Stars: Planetary Systems, Stars: Activity, Stars: Chromospheres},
	Month = jul,
	Pages = {505-522},
	Title = {{Catalog of Nearby Exoplanets}},
	Volume = 646,
	Year = 2006,
	Bdsk-Url-1 = {http://dx.doi.org/10.1086/504701}}

@article{Yee:2008,
	Adsnote = {Provided by the SAO/NASA Astrophysics Data System},
	Adsurl = {http://adsabs.harvard.edu/abs/2008ApJ...688..616Y},
	Archiveprefix = {arXiv},
	Author = {{Yee}, J.~C. and {Gaudi}, B.~S.},
	Date-Added = {2015-04-03 20:46:14 +0000},
	Date-Modified = {2015-04-03 20:46:15 +0000},
	Doi = {10.1086/592038},
	Eprint = {0805.1936},
	Journal = {\apj},
	Keywords = {Methods: Analytical, Stars: Planetary Systems, Planets and Satellites: General},
	Month = nov,
	Pages = {616-627},
	Title = {{Characterizing Long-Period Transiting Planets Observed by Kepler}},
	Volume = 688,
	Year = 2008,
	Bdsk-Url-1 = {http://dx.doi.org/10.1086/592038}}

@article{Pedregosa:2011,
	Author = {Pedregosa, F. and Varoquaux, G. and Gramfort, A. and Michel, V. and Thirion, B. and Grisel, O. and Blondel, M. and Prettenhofer, P. and Weiss, R. and Dubourg, V. and Vanderplas, J. and Passos, A. and Cournapeau, D. and Brucher, M. and Perrot, M. and Duchesnay, E.},
	Date-Added = {2015-04-01 21:02:08 +0000},
	Date-Modified = {2015-04-01 21:02:09 +0000},
	Journal = {Journal of Machine Learning Research},
	Pages = {2825--2830},
	Title = {Scikit-learn: Machine Learning in {P}ython},
	Volume = {12},
	Year = {2011}}

@article{Richards:2011,
	Adsnote = {Provided by the SAO/NASA Astrophysics Data System},
	Adsurl = {http://adsabs.harvard.edu/abs/2011ApJ...733...10R},
	Archiveprefix = {arXiv},
	Author = {{Richards}, J.~W. and {Starr}, D.~L. and {Butler}, N.~R. and {Bloom}, J.~S. and {Brewer}, J.~M. and {Crellin-Quick}, A. and {Higgins}, J. and {Kennedy}, R. and {Rischard}, M.},
	Date-Added = {2015-03-30 14:41:33 +0000},
	Date-Modified = {2015-03-30 14:41:34 +0000},
	Doi = {10.1088/0004-637X/733/1/10},
	Eid = {10},
	Eprint = {1101.1959},
	Journal = {\apj},
	Keywords = {methods: data analysis, methods: statistical, stars: variables: general, techniques: photometric},
	Month = may,
	Pages = {10},
	Primaryclass = {astro-ph.IM},
	Title = {{On Machine-learned Classification of Variable Stars with Sparse and Noisy Time-series Data}},
	Volume = 733,
	Year = 2011,
	Bdsk-Url-1 = {http://dx.doi.org/10.1088/0004-637X/733/1/10}}

@article{Richards:2012,
	Adsnote = {Provided by the SAO/NASA Astrophysics Data System},
	Adsurl = {http://adsabs.harvard.edu/abs/2012ApJS..203...32R},
	Archiveprefix = {arXiv},
	Author = {{Richards}, J.~W. and {Starr}, D.~L. and {Miller}, A.~A. and {Bloom}, J.~S. and {Butler}, N.~R. and {Brink}, H. and {Crellin-Quick}, A.},
	Date-Added = {2015-03-30 14:36:27 +0000},
	Date-Modified = {2015-03-30 14:36:28 +0000},
	Doi = {10.1088/0067-0049/203/2/32},
	Eid = {32},
	Eprint = {1204.4180},
	Journal = {\apjs},
	Keywords = {catalogs, methods: data analysis, methods: statistical, stars: variables: general, techniques: photometric},
	Month = dec,
	Pages = {32},
	Primaryclass = {astro-ph.IM},
	Title = {{Construction of a Calibrated Probabilistic Classification Catalog: Application to 50k Variable Sources in the All-Sky Automated Survey}},
	Volume = 203,
	Year = 2012,
	Bdsk-Url-1 = {http://dx.doi.org/10.1088/0067-0049/203/2/32}}

@book{Ivezic:2013,
	Adsnote = {Provided by the SAO/NASA Astrophysics Data System},
	Adsurl = {http://adsabs.harvard.edu/abs/2013sdmm.book.....I},
	Author = {{Ivezi{\'c}}, {\.Z}. and {Connolly}, A. and {VanderPlas}, J. and {Gray}, A.},
	Booktitle = {Statistics, Data Mining, and Machine Learning in Astronomy, by {\.Z}.~Ivezi{\'c} et al.~Princeton University Press, 2013},
	Date-Added = {2015-03-30 14:21:22 +0000},
	Date-Modified = {2015-03-30 14:31:27 +0000},
	Month = may,
	Publisher = {Princeton University Press},
	Title = {{Statistics, Data Mining, and Machine Learning in Astronomy}},
	Year = 2013}

@article{Breiman:2001,
	Author = {Breiman, Leo},
	Date-Added = {2015-03-29 21:50:32 +0000},
	Date-Modified = {2015-03-29 21:50:33 +0000},
	Journal = {Machine learning},
	Number = {1},
	Pages = {5--32},
	Publisher = {Springer},
	Title = {Random forests},
	Volume = {45},
	Year = {2001}}

@book{Thompson:2015,
	Author = {S. E. Thompson and J. M. Jenkins and D. A. Caldwell and T. Barclay and S. T. Bryson and C. J. Burke and J. R. Campbell and J. Catanzarite and J. L. Christiansen and B. D. Clarke and J. L. Coughlin and F. Girouard and M. R. Haas and K. Ibrahim and J. Li and S. D. McCauliff and R. L. Morris and F. R. Mullally and J. Rowe and A. Sabale and S. Seader and J. C. Smith and P. G. Tenenbaum and J. D. Twicken and A. K. Uddin},
	Date-Added = {2015-03-29 16:11:39 +0000},
	Date-Modified = {2015-03-30 14:32:05 +0000},
	Publisher = {KSCI-19064-001},
	Title = {Kepler Data Release 24 Notes},
	Year = {2015}}

@article{Smith:2012,
	Adsnote = {Provided by the SAO/NASA Astrophysics Data System},
	Adsurl = {http://adsabs.harvard.edu/abs/2012PASP..124.1000S},
	Archiveprefix = {arXiv},
	Author = {{Smith}, J.~C. and {Stumpe}, M.~C. and {Van Cleve}, J.~E. and {Jenkins}, J.~M. and {Barclay}, T.~S. and {Fanelli}, M.~N. and {Girouard}, F.~R. and {Kolodziejczak}, J.~J. and {McCauliff}, S.~D. and {Morris}, R.~L. and {Twicken}, J.~D.},
	Date-Added = {2015-02-07 15:05:52 +0000},
	Date-Modified = {2015-03-29 16:11:37 +0000},
	Doi = {10.1086/667697},
	Eprint = {1203.1383},
	Journal = {\pasp},
	Keywords = {Data Analysis and Techniques},
	Month = sep,
	Pages = {1000-1014},
	Primaryclass = {astro-ph.IM},
	Title = {{Kepler Presearch Data Conditioning II - A Bayesian Approach to Systematic Error Correction}},
	Volume = 124,
	Year = 2012,
	Bdsk-Url-1 = {http://dx.doi.org/10.1086/667697}}

@article{Stumpe:2012,
	Adsnote = {Provided by the SAO/NASA Astrophysics Data System},
	Adsurl = {http://adsabs.harvard.edu/abs/2012PASP..124..985S},
	Archiveprefix = {arXiv},
	Author = {{Stumpe}, M.~C. and {Smith}, J.~C. and {Van Cleve}, J.~E. and {Twicken}, J.~D. and {Barclay}, T.~S. and {Fanelli}, M.~N. and {Girouard}, F.~R. and {Jenkins}, J.~M. and {Kolodziejczak}, J.~J. and {McCauliff}, S.~D. and {Morris}, R.~L.},
	Date-Added = {2015-02-07 15:05:30 +0000},
	Date-Modified = {2015-03-29 16:11:36 +0000},
	Doi = {10.1086/667698},
	Eprint = {1203.1382},
	Journal = {\pasp},
	Keywords = {Data Analysis and Techniques},
	Month = sep,
	Pages = {985-999},
	Primaryclass = {astro-ph.IM},
	Title = {{Kepler Presearch Data Conditioning I - Architecture and Algorithms for Error Correction in Kepler Light Curves}},
	Volume = 124,
	Year = 2012,
	Bdsk-Url-1 = {http://dx.doi.org/10.1086/667698}}
