%% This BibTeX bibliography file was created using BibDesk.
%% http://bibdesk.sourceforge.net/


%% Created for Dan F-M at 2015-02-16 11:35:51 -0500


%% Saved with string encoding Unicode (UTF-8)

@ARTICLE{Girardi:2005,
   author = {{Girardi}, L. and {Groenewegen}, M.~A.~T. and {Hatziminaoglou}, E. and
	{da Costa}, L.},
    title = "{Star counts in the Galaxy. Simulating from very deep to very shallow photometric surveys with the TRILEGAL code}",
  journal = {\aap},
   eprint = {astro-ph/0504047},
 keywords = {stars: luminosity function, mass function, stars: Hertzsprung-Russell (HR) and C-M diagrams, surveys, Galaxy: stellar content, Galaxy: structure},
     year = 2005,
    month = jun,
   volume = 436,
    pages = {895-915},
      doi = {10.1051/0004-6361:20042352},
   adsurl = {http://adsabs.harvard.edu/abs/2005A%26A...436..895G},
  adsnote = {Provided by the SAO/NASA Astrophysics Data System}
}


@article{vetting,
	Adsnote = {Provided by the SAO/NASA Astrophysics Data System},
	Adsurl = {http://adsabs.harvard.edu/abs/2014arXiv1408.1496M},
	Archiveprefix = {arXiv},
	Author = {{McCauliff}, S. and {Jenkins}, J.~M. and {Catanzarite}, J. and {Burke}, C.~J. and {Coughlin}, J.~L. and {Twicken}, J.~D. and {Tenenbaum}, P. and {Seader}, S. and {Li}, J. and {Cote}, M.},
	Date-Added = {2015-02-16 16:35:47 +0000},
	Date-Modified = {2015-02-16 16:35:51 +0000},
	Eprint = {1408.1496},
	Journal = {ArXiv e-prints},
	Keywords = {Astrophysics - Instrumentation and Methods for Astrophysics},
	Month = aug,
	Primaryclass = {astro-ph.IM},
	Title = {{Automatic Classification of Kepler Threshold Crossing Events}},
	Year = 2014}

@inproceedings{jenkins,
	Adsnote = {Provided by the SAO/NASA Astrophysics Data System},
	Adsurl = {http://adsabs.harvard.edu/abs/2014IAUS..293...94J},
	Author = {{Jenkins}, J.~M. and {McCauliff}, S. and {Burke}, C. and {Seader}, S. and {Twicken}, J. and {Klaus}, T. and {Sanderfer}, D. and {Srivastava}, A. and {Haas}, M.~R.},
	Booktitle = {IAU Symposium},
	Date-Added = {2015-02-16 16:31:10 +0000},
	Date-Modified = {2015-02-16 16:31:13 +0000},
	Doi = {10.1017/S1743921313012611},
	Editor = {{Haghighipour}, N.},
	Keywords = {methods: data analysis, methods: statistical, instrumentation: photometers, (stars:) planetary systems, catalogs},
	Month = apr,
	Pages = {94-99},
	Series = {IAU Symposium},
	Title = {{Auto-Vetting Transiting Planet Candidates Identified by the Kepler Pipeline}},
	Volume = 293,
	Year = 2014,
	Bdsk-Url-1 = {http://dx.doi.org/10.1017/S1743921313012611}}

@article{Armstrong:2015,
	Archiveprefix = {arXiv},
	Author = {{Armstrong}, D.~J. and {Kirk}, J. and {Lam}, K.~W.~F. and {McCormac}, J. and {Walker}, S.~R. and {Brown}, D.~J.~A. and {Osborn}, H.~P. and {Pollacco}, D.~L. and {Spake}, J.},
	Date-Added = {2015-02-16 15:48:38 +0000},
	Date-Modified = {2015-02-16 15:51:41 +0000},
	Eprint = {1502.04004},
	Journal = {ArXiv e-prints},
	Month = {February},
	Title = {{K2 Variable Catalogue II: Variable Stars and Eclipsing Binaries in K2 Fields 1 and 0}},
	Year = 2015}

@article{kois,
	Adsnote = {Provided by the SAO/NASA Astrophysics Data System},
	Adsurl = {http://adsabs.harvard.edu/abs/2014ApJS..210...19B},
	Archiveprefix = {arXiv},
	Author = {{Burke}, C.~J. and {Bryson}, S.~T. and {Mullally}, F. and {Rowe}, J.~F. and {Christiansen}, J.~L. and {Thompson}, S.~E. and {Coughlin}, J.~L. and {Haas}, M.~R. and {Batalha}, N.~M. and {Caldwell}, D.~A. and {Jenkins}, J.~M. and {Still}, M. and {Barclay}, T. and {Borucki}, W.~J. and {Chaplin}, W.~J. and {Ciardi}, D.~R. and {Clarke}, B.~D. and {Cochran}, W.~D. and {Demory}, B.-O. and {Esquerdo}, G.~A. and {Gautier}, III, T.~N. and {Gilliland}, R.~L. and {Girouard}, F.~R. and {Havel}, M. and {Henze}, C.~E. and {Howell}, S.~B. and {Huber}, D. and {Latham}, D.~W. and {Li}, J. and {Morehead}, R.~C. and {Morton}, T.~D. and {Pepper}, J. and {Quintana}, E. and {Ragozzine}, D. and {Seader}, S.~E. and {Shah}, Y. and {Shporer}, A. and {Tenenbaum}, P. and {Twicken}, J.~D. and {Wolfgang}, A.},
	Date-Added = {2015-02-15 16:36:30 +0000},
	Date-Modified = {2015-02-15 16:36:34 +0000},
	Doi = {10.1088/0067-0049/210/2/19},
	Eid = {19},
	Eprint = {1312.5358},
	Journal = {\apjs},
	Keywords = {catalogs, eclipses, planetary systems, space vehicles},
	Month = feb,
	Pages = {19},
	Primaryclass = {astro-ph.EP},
	Title = {{Planetary Candidates Observed by Kepler IV: Planet Sample from Q1-Q8 (22 Months)}},
	Volume = 210,
	Year = 2014,
	Bdsk-Url-1 = {http://dx.doi.org/10.1088/0067-0049/210/2/19}}

@article{fastgp,
	Adsnote = {Provided by the SAO/NASA Astrophysics Data System},
	Adsurl = {http://adsabs.harvard.edu/abs/2014arXiv1403.6015A},
	Archiveprefix = {arXiv},
	Author = {{Ambikasaran}, S. and {Foreman-Mackey}, D. and {Greengard}, L. and {Hogg}, D.~W. and {O'Neil}, M.},
	Date-Added = {2015-02-15 16:15:07 +0000},
	Date-Modified = {2015-02-15 16:15:12 +0000},
	Eprint = {1403.6015},
	Journal = {ArXiv e-prints},
	Keywords = {Mathematics - Numerical Analysis, Astrophysics - Instrumentation and Methods for Astrophysics, Mathematics - Statistics Theory},
	Month = mar,
	Primaryclass = {math.NA},
	Title = {{Fast Direct Methods for Gaussian Processes and the Analysis of NASA Kepler Mission Data}},
	Year = 2014}

@article{roberto,
	Adsnote = {Provided by the SAO/NASA Astrophysics Data System},
	Adsurl = {http://adsabs.harvard.edu/abs/2014ApJ...787...47S},
	Archiveprefix = {arXiv},
	Author = {{Sanchis-Ojeda}, R. and {Rappaport}, S. and {Winn}, J.~N. and {Kotson}, M.~C. and {Levine}, A. and {El Mellah}, I.},
	Date-Added = {2015-02-15 15:19:41 +0000},
	Date-Modified = {2015-02-15 15:19:49 +0000},
	Doi = {10.1088/0004-637X/787/1/47},
	Eid = {47},
	Eprint = {1403.2379},
	Journal = {\apj},
	Keywords = {planetary systems, planets and satellites: atmospheres, planets and satellites: detection},
	Month = may,
	Pages = {47},
	Primaryclass = {astro-ph.EP},
	Title = {{A Study of the Shortest-period Planets Found with Kepler}},
	Volume = 787,
	Year = 2014,
	Bdsk-Url-1 = {http://dx.doi.org/10.1088/0004-637X/787/1/47}}

@article{petigura2,
	Adsnote = {Provided by the SAO/NASA Astrophysics Data System},
	Adsurl = {http://adsabs.harvard.edu/abs/2013PNAS..11019273P},
	Archiveprefix = {arXiv},
	Author = {{Petigura}, E.~A. and {Howard}, A.~W. and {Marcy}, G.~W.},
	Date-Added = {2015-02-15 15:15:44 +0000},
	Date-Modified = {2015-02-15 15:15:52 +0000},
	Eprint = {1311.6806},
	Journal = {Proceedings of the National Academy of Science},
	Keywords = {extrasolar planets, astrobiology},
	Month = nov,
	Pages = {19273-19278},
	Primaryclass = {astro-ph.EP},
	Title = {{Prevalence of Earth-size planets orbiting Sun-like stars}},
	Volume = 110,
	Year = 2013}

@article{Armstrong:2014,
	Adsnote = {Provided by the SAO/NASA Astrophysics Data System},
	Adsurl = {http://adsabs.harvard.edu/abs/2014arXiv1411.6830A},
	Archiveprefix = {arXiv},
	Author = {{Armstrong}, D.~J. and {Osborn}, H.~P. and {Brown}, D.~J.~A. and {Kirk}, J. and {Lam}, K.~W.~F. and {Pollacco}, D.~L. and {Spake}, J. and {Walker}, S.~R.},
	Eprint = {1411.6830},
	Journal = {ArXiv e-prints},
	Keywords = {Astrophysics - Solar and Stellar Astrophysics, Astrophysics - Earth and Planetary Astrophysics},
	Month = nov,
	Primaryclass = {astro-ph.SR},
	Title = {{K2 Variable Catalogue I: A Catalogue of Variable Stars from K2 Field 0}},
	Year = 2014}

@article{petigura1,
	Adsnote = {Provided by the SAO/NASA Astrophysics Data System},
	Adsurl = {http://adsabs.harvard.edu/abs/2013ApJ...770...69P},
	Archiveprefix = {arXiv},
	Author = {{Petigura}, E.~A. and {Marcy}, G.~W. and {Howard}, A.~W.},
	Date-Added = {2015-02-15 15:15:28 +0000},
	Date-Modified = {2015-02-15 15:15:35 +0000},
	Doi = {10.1088/0004-637X/770/1/69},
	Eid = {69},
	Eprint = {1304.0460},
	Journal = {\apj},
	Keywords = {planetary systems, stars: statistics, techniques: photometric},
	Month = jun,
	Pages = {69},
	Primaryclass = {astro-ph.EP},
	Title = {{A Plateau in the Planet Population below Twice the Size of Earth}},
	Volume = 770,
	Year = 2013,
	Bdsk-Url-1 = {http://dx.doi.org/10.1088/0004-637X/770/1/69}}

@article{ma,
	Adsnote = {Provided by the SAO/NASA Astrophysics Data System},
	Adsurl = {http://adsabs.harvard.edu/abs/2002ApJ...580L.171M},
	Author = {{Mandel}, K. and {Agol}, E.},
	Date-Added = {2015-02-13 23:39:48 +0000},
	Date-Modified = {2015-02-13 23:39:51 +0000},
	Doi = {10.1086/345520},
	Eprint = {astro-ph/0210099},
	Journal = {\apjl},
	Keywords = {Stars: Binaries: Eclipsing, Eclipses, Occultations, Stars: Planetary Systems},
	Month = dec,
	Pages = {L171-L175},
	Title = {{Analytic Light Curves for Planetary Transit Searches}},
	Volume = 580,
	Year = 2002,
	Bdsk-Url-1 = {http://dx.doi.org/10.1086/345520}}

@article{kipping-int,
	Adsnote = {Provided by the SAO/NASA Astrophysics Data System},
	Adsurl = {http://adsabs.harvard.edu/abs/2010MNRAS.408.1758K},
	Archiveprefix = {arXiv},
	Author = {{Kipping}, D.~M.},
	Date-Added = {2015-02-13 23:38:30 +0000},
	Date-Modified = {2015-02-13 23:38:37 +0000},
	Doi = {10.1111/j.1365-2966.2010.17242.x},
	Eprint = {1004.3741},
	Journal = {\mnras},
	Keywords = {techniques: photometric, occultations, planets and satellites: general, planetary systems},
	Month = nov,
	Pages = {1758-1769},
	Primaryclass = {astro-ph.EP},
	Title = {{Binning is sinning: morphological light-curve distortions due to finite integration time}},
	Volume = 408,
	Year = 2010,
	Bdsk-Url-1 = {http://dx.doi.org/10.1111/j.1365-2966.2010.17242.x}}

@article{kipping-ld,
	Adsnote = {Provided by the SAO/NASA Astrophysics Data System},
	Adsurl = {http://adsabs.harvard.edu/abs/2013MNRAS.435.2152K},
	Archiveprefix = {arXiv},
	Author = {{Kipping}, D.~M.},
	Date-Added = {2015-02-13 23:20:35 +0000},
	Date-Modified = {2015-02-13 23:20:48 +0000},
	Doi = {10.1093/mnras/stt1435},
	Eprint = {1308.0009},
	Journal = {\mnras},
	Keywords = {methods: analytical, stars: atmospheres},
	Month = nov,
	Pages = {2152-2160},
	Primaryclass = {astro-ph.SR},
	Title = {{Efficient, uninformative sampling of limb darkening coefficients for two-parameter laws}},
	Volume = 435,
	Year = 2013,
	Bdsk-Url-1 = {http://dx.doi.org/10.1093/mnras/stt1435}}

@article{kipping-ecc,
	Adsnote = {Provided by the SAO/NASA Astrophysics Data System},
	Adsurl = {http://adsabs.harvard.edu/abs/2013MNRAS.434L..51K},
	Archiveprefix = {arXiv},
	Author = {{Kipping}, D.~M.},
	Date-Added = {2015-02-13 23:20:12 +0000},
	Date-Modified = {2015-02-13 23:20:42 +0000},
	Doi = {10.1093/mnrasl/slt075},
	Eprint = {1306.4982},
	Journal = {\mnras},
	Keywords = {methods: statistical, planets and satellites: general},
	Month = jul,
	Pages = {L51-L55},
	Primaryclass = {astro-ph.EP},
	Title = {{Parametrizing the exoplanet eccentricity distribution with the Beta distribution}},
	Volume = 434,
	Year = 2013,
	Bdsk-Url-1 = {http://dx.doi.org/10.1093/mnrasl/slt075}}

@article{bls,
	Adsnote = {Provided by the SAO/NASA Astrophysics Data System},
	Adsurl = {http://adsabs.harvard.edu/abs/2002A%26A...391..369K},
	Author = {{Kov{\'a}cs}, G. and {Zucker}, S. and {Mazeh}, T.},
	Date-Added = {2015-02-12 19:04:58 +0000},
	Date-Modified = {2015-02-12 19:05:04 +0000},
	Doi = {10.1051/0004-6361:20020802},
	Eprint = {astro-ph/0206099},
	Journal = {\aap},
	Keywords = {methods: data analysis, stars: variables: general, stars: planetary systems, occultations},
	Month = aug,
	Pages = {369-377},
	Title = {{A box-fitting algorithm in the search for periodic transits}},
	Volume = 391,
	Year = 2002,
	Bdsk-Url-1 = {http://dx.doi.org/10.1051/0004-6361:20020802}}

@article{dressing,
	Adsnote = {Provided by the SAO/NASA Astrophysics Data System},
	Adsurl = {http://adsabs.harvard.edu/abs/2015arXiv150101623D},
	Archiveprefix = {arXiv},
	Author = {{Dressing}, C.~D. and {Charbonneau}, D.},
	Date-Added = {2015-02-12 17:24:12 +0000},
	Date-Modified = {2015-02-12 17:24:16 +0000},
	Eprint = {1501.01623},
	Journal = {ArXiv e-prints},
	Keywords = {Astrophysics - Earth and Planetary Astrophysics, Astrophysics - Solar and Stellar Astrophysics},
	Month = jan,
	Primaryclass = {astro-ph.EP},
	Title = {{The Occurrence of Potentially Habitable Planets Orbiting M Dwarfs Estimated from the Full Kepler Dataset and an Empirical Measurement of the Detection Sensitivity}},
	Year = 2015}

@article{emcee,
	Adsnote = {Provided by the SAO/NASA Astrophysics Data System},
	Adsurl = {http://adsabs.harvard.edu/abs/2013PASP..125..306F},
	Archiveprefix = {arXiv},
	Author = {{Foreman-Mackey}, D. and {Hogg}, D.~W. and {Lang}, D. and {Goodman}, J.},
	Date-Added = {2015-02-12 17:23:00 +0000},
	Date-Modified = {2015-02-12 17:23:04 +0000},
	Doi = {10.1086/670067},
	Eprint = {1202.3665},
	Journal = {\pasp},
	Keywords = {Data Analysis and Techniques},
	Month = mar,
	Pages = {306-312},
	Primaryclass = {astro-ph.IM},
	Title = {{emcee: The MCMC Hammer}},
	Volume = 125,
	Year = 2013,
	Bdsk-Url-1 = {http://dx.doi.org/10.1086/670067}}

@article{dfm,
	Adsnote = {Provided by the SAO/NASA Astrophysics Data System},
	Adsurl = {http://adsabs.harvard.edu/abs/2014ApJ...795...64F},
	Archiveprefix = {arXiv},
	Author = {{Foreman-Mackey}, D. and {Hogg}, D.~W. and {Morton}, T.~D.},
	Date-Added = {2015-02-12 17:22:39 +0000},
	Date-Modified = {2015-02-12 17:22:43 +0000},
	Doi = {10.1088/0004-637X/795/1/64},
	Eid = {64},
	Eprint = {1406.3020},
	Journal = {\apj},
	Keywords = {catalogs, methods: data analysis, methods: statistical, planetary systems, stars: statistics},
	Month = nov,
	Pages = {64},
	Primaryclass = {astro-ph.EP},
	Title = {{Exoplanet Population Inference and the Abundance of Earth Analogs from Noisy, Incomplete Catalogs}},
	Volume = 795,
	Year = 2014,
	Bdsk-Url-1 = {http://dx.doi.org/10.1088/0004-637X/795/1/64}}

@inproceedings{dun,
	Adsnote = {Provided by the SAO/NASA Astrophysics Data System},
	Adsurl = {http://adsabs.harvard.edu/abs/2015AAS...22525808W},
	Author = {{Wang}, D. and {Foreman-Mackey}, D. and {Hogg}, D.~W. and {Sch{\"o}lkopf}, B.},
	Booktitle = {American Astronomical Society Meeting Abstracts},
	Date-Added = {2015-02-12 16:13:05 +0000},
	Date-Modified = {2015-02-12 17:06:08 +0000},
	Month = jan,
	Pages = {258.08},
	Series = {American Astronomical Society Meeting Abstracts},
	Title = {{Calibrating the pixel-level Kepler imaging data with a causal data-driven model}},
	Volume = 225,
	Year = 2015}

@article{arc,
	Adsnote = {Provided by the SAO/NASA Astrophysics Data System},
	Adsurl = {http://adsabs.harvard.edu/abs/2013MNRAS.435.3639R},
	Archiveprefix = {arXiv},
	Author = {{Roberts}, S. and {McQuillan}, A. and {Reece}, S. and {Aigrain}, S.},
	Date-Added = {2015-02-12 16:08:41 +0000},
	Date-Modified = {2015-02-12 16:08:46 +0000},
	Doi = {10.1093/mnras/stt1555},
	Eprint = {1308.3644},
	Journal = {\mnras},
	Keywords = {methods: data analysis, techniques: photometric},
	Month = nov,
	Pages = {3639-3653},
	Primaryclass = {astro-ph.IM},
	Title = {{Astrophysically robust systematics removal using variational inference: application to the first month of Kepler data}},
	Volume = 435,
	Year = 2013,
	Bdsk-Url-1 = {http://dx.doi.org/10.1093/mnras/stt1555}}

@article{Aigrain:2015,
	Adsnote = {Provided by the SAO/NASA Astrophysics Data System},
	Adsurl = {http://adsabs.harvard.edu/abs/2015MNRAS.447.2880A},
	Archiveprefix = {arXiv},
	Author = {{Aigrain}, S. and {Hodgkin}, S.~T. and {Irwin}, M.~J. and {Lewis}, J.~R. and {Roberts}, S.~J.},
	Date-Added = {2015-02-12 16:07:02 +0000},
	Date-Modified = {2015-02-12 16:07:10 +0000},
	Doi = {10.1093/mnras/stu2638},
	Eprint = {1412.6304},
	Journal = {\mnras},
	Keywords = {methods: data analysis, techniques: photometric},
	Month = mar,
	Pages = {2880-2893},
	Primaryclass = {astro-ph.IM},
	Title = {{Precise time series photometry for the Kepler-2.0 mission}},
	Volume = 447,
	Year = 2015,
	Bdsk-Url-1 = {http://dx.doi.org/10.1093/mnras/stu2638}}

@inproceedings{Ricker:2014,
	Adsnote = {Provided by the SAO/NASA Astrophysics Data System},
	Adsurl = {http://adsabs.harvard.edu/abs/2014SPIE.9143E..20R},
	Archiveprefix = {arXiv},
	Author = {{Ricker}, G.~R. and {Winn}, J.~N. and {Vanderspek}, R. and {Latham}, D.~W. and {Bakos}, G.~{\'A}. and {Bean}, J.~L. and {Berta-Thompson}, Z.~K. and {Brown}, T.~M. and {Buchhave}, L. and {Butler}, N.~R. and {Butler}, R.~P. and {Chaplin}, W.~J. and {Charbonneau}, D. and {Christensen-Dalsgaard}, J. and {Clampin}, M. and {Deming}, D. and {Doty}, J. and {De Lee}, N. and {Dressing}, C. and {Dunham}, E.~W. and {Endl}, M. and {Fressin}, F. and {Ge}, J. and {Henning}, T. and {Holman}, M.~J. and {Howard}, A.~W. and {Ida}, S. and {Jenkins}, J. and {Jernigan}, G. and {Johnson}, J.~A. and {Kaltenegger}, L. and {Kawai}, N. and {Kjeldsen}, H. and {Laughlin}, G. and {Levine}, A.~M. and {Lin}, D. and {Lissauer}, J.~J. and {MacQueen}, P. and {Marcy}, G. and {McCullough}, P.~R. and {Morton}, T.~D. and {Narita}, N. and {Paegert}, M. and {Palle}, E. and {Pepe}, F. and {Pepper}, J. and {Quirrenbach}, A. and {Rinehart}, S.~A. and {Sasselov}, D. and {Sato}, B. and {Seager}, S. and {Sozzetti}, A. and {Stassun}, K.~G. and {Sullivan}, P. and {Szentgyorgyi}, A. and {Torres}, G. and {Udry}, S. and {Villasenor}, J.},
	Booktitle = {Society of Photo-Optical Instrumentation Engineers (SPIE) Conference Series},
	Doi = {10.1117/12.2063489},
	Eid = {914320},
	Eprint = {1406.0151},
	Month = aug,
	Pages = {20},
	Primaryclass = {astro-ph.EP},
	Series = {Society of Photo-Optical Instrumentation Engineers (SPIE) Conference Series},
	Title = {{Transiting Exoplanet Survey Satellite (TESS)}},
	Volume = 9143,
	Year = 2014,
	Bdsk-Url-1 = {http://dx.doi.org/10.1117/12.2063489}}

@ARTICLE{Batalha:2010,
   author = {{Batalha}, N.~M. and {Rowe}, J.~F. and {Gilliland}, R.~L. and
	{Jenkins}, J.~J. and {Caldwell}, D. and {Borucki}, W.~J. and
	{Koch}, D.~G. and {Lissauer}, J.~J. and {Dunham}, E.~W. and
	{Gautier}, T.~N. and {Howell}, S.~B. and {Latham}, D.~W. and
	{Marcy}, G.~W. and {Prsa}, A.},
    title = "{Pre-spectroscopic False-positive Elimination of Kepler Planet Candidates}",
  journal = {\apjl},
archivePrefix = "arXiv",
   eprint = {1001.0392},
 primaryClass = "astro-ph.EP",
 keywords = {binaries: general, planetary systems, techniques: photometric},
     year = 2010,
    month = apr,
   volume = 713,
    pages = {L103-L108},
      doi = {10.1088/2041-8205/713/2/L103},
   adsurl = {http://adsabs.harvard.edu/abs/2010ApJ...713L.103B},
  adsnote = {Provided by the SAO/NASA Astrophysics Data System}
}


@article{Howell:2014,
	Adsnote = {Provided by the SAO/NASA Astrophysics Data System},
	Adsurl = {http://adsabs.harvard.edu/abs/2014PASP..126..398H},
	Archiveprefix = {arXiv},
	Author = {{Howell}, S.~B. and {Sobeck}, C. and {Haas}, M. and {Still}, M. and {Barclay}, T. and {Mullally}, F. and {Troeltzsch}, J. and {Aigrain}, S. and {Bryson}, S.~T. and {Caldwell}, D. and {Chaplin}, W.~J. and {Cochran}, W.~D. and {Huber}, D. and {Marcy}, G.~W. and {Miglio}, A. and {Najita}, J.~R. and {Smith}, M. and {Twicken}, J.~D. and {Fortney}, J.~J.},
	Doi = {10.1086/676406},
	Eprint = {1402.5163},
	Journal = {\pasp},
	Keywords = {Astronomical Instrumentation},
	Month = apr,
	Pages = {398-408},
	Primaryclass = {astro-ph.IM},
	Title = {{The K2 Mission: Characterization and Early Results}},
	Volume = 126,
	Year = 2014,
	Bdsk-Url-1 = {http://dx.doi.org/10.1086/676406}}

@article{Gilliland:2011,
	Adsnote = {Provided by the SAO/NASA Astrophysics Data System},
	Adsurl = {http://adsabs.harvard.edu/abs/2011ApJS..197....6G},
	Archiveprefix = {arXiv},
	Author = {{Gilliland}, R.~L. and {Chaplin}, W.~J. and {Dunham}, E.~W. and {Argabright}, V.~S. and {Borucki}, W.~J. and {Basri}, G. and {Bryson}, S.~T. and {Buzasi}, D.~L. and {Caldwell}, D.~A. and {Elsworth}, Y.~P. and {Jenkins}, J.~M. and {Koch}, D.~G. and {Kolodziejczak}, J. and {Miglio}, A. and {van Cleve}, J. and {Walkowicz}, L.~M. and {Welsh}, W.~F.},
	Doi = {10.1088/0067-0049/197/1/6},
	Eid = {6},
	Eprint = {1107.5207},
	Journal = {\apjs},
	Keywords = {methods: observational, stars: activity, stars: late-type, stars: oscillations, stars: statistics, techniques: photometric},
	Month = nov,
	Pages = {6},
	Primaryclass = {astro-ph.SR},
	Title = {{Kepler Mission Stellar and Instrument Noise Properties}},
	Volume = 197,
	Year = 2011,
	Bdsk-Url-1 = {http://dx.doi.org/10.1088/0067-0049/197/1/6}}

@article{Barclay:2013,
	Adsnote = {Provided by the SAO/NASA Astrophysics Data System},
	Adsurl = {http://adsabs.harvard.edu/abs/2013Natur.494..452B},
	Archiveprefix = {arXiv},
	Author = {{Barclay}, T. and {Rowe}, J.~F. and {Lissauer}, J.~J. and {Huber}, D. and {Fressin}, F. and {Howell}, S.~B. and {Bryson}, S.~T. and {Chaplin}, W.~J. and {D{\'e}sert}, J.-M. and {Lopez}, E.~D. and {Marcy}, G.~W. and {Mullally}, F. and {Ragozzine}, D. and {Torres}, G. and {Adams}, E.~R. and {Agol}, E. and {Barrado}, D. and {Basu}, S. and {Bedding}, T.~R. and {Buchhave}, L.~A. and {Charbonneau}, D. and {Christiansen}, J.~L. and {Christensen-Dalsgaard}, J. and {Ciardi}, D. and {Cochran}, W.~D. and {Dupree}, A.~K. and {Elsworth}, Y. and {Everett}, M. and {Fischer}, D.~A. and {Ford}, E.~B. and {Fortney}, J.~J. and {Geary}, J.~C. and {Haas}, M.~R. and {Handberg}, R. and {Hekker}, S. and {Henze}, C.~E. and {Horch}, E. and {Howard}, A.~W. and {Hunter}, R.~C. and {Isaacson}, H. and {Jenkins}, J.~M. and {Karoff}, C. and {Kawaler}, S.~D. and {Kjeldsen}, H. and {Klaus}, T.~C. and {Latham}, D.~W. and {Li}, J. and {Lillo-Box}, J. and {Lund}, M.~N. and {Lundkvist}, M. and {Metcalfe}, T.~S. and {Miglio}, A. and {Morris}, R.~L. and {Quintana}, E.~V. and {Stello}, D. and {Smith}, J.~C. and {Still}, M. and {Thompson}, S.~E.},
	Doi = {10.1038/nature11914},
	Eprint = {1305.5587},
	Journal = {\nat},
	Month = feb,
	Pages = {452-454},
	Primaryclass = {astro-ph.EP},
	Title = {{A sub-Mercury-sized exoplanet}},
	Volume = 494,
	Year = 2013,
	Bdsk-Url-1 = {http://dx.doi.org/10.1038/nature11914}}

@article{Morton:2011,
	Adsnote = {Provided by the SAO/NASA Astrophysics Data System},
	Adsurl = {http://adsabs.harvard.edu/abs/2011ApJ...738..170M},
	Archiveprefix = {arXiv},
	Author = {{Morton}, T.~D. and {Johnson}, J.~A.},
	Date-Added = {2015-02-07 15:16:03 +0000},
	Date-Modified = {2015-02-07 15:16:08 +0000},
	Doi = {10.1088/0004-637X/738/2/170},
	Eid = {170},
	Eprint = {1101.5630},
	Journal = {\apj},
	Keywords = {methods: statistical, planets and satellites: general, stars: statistics},
	Month = sep,
	Pages = {170},
	Primaryclass = {astro-ph.EP},
	Title = {{On the Low False Positive Probabilities of Kepler Planet Candidates}},
	Volume = 738,
	Year = 2011,
	Bdsk-Url-1 = {http://dx.doi.org/10.1088/0004-637X/738/2/170}}

@article{Vanderburg:2015,
	Adsnote = {Provided by the SAO/NASA Astrophysics Data System},
	Adsurl = {http://adsabs.harvard.edu/abs/2014arXiv1412.5674V},
	Archiveprefix = {arXiv},
	Author = {{Vanderburg}, A. and {Montet}, B.~T. and {Johnson}, J.~A. and {Buchhave}, L.~A. and {Zeng}, L. and {Pepe}, F. and {Collier Cameron}, A. and {Latham}, D.~W. and {Molinari}, E. and {Udry}, S. and {Lovis}, C. and {Matthews}, J.~M. and {Cameron}, C. and {Law}, N. and {Bowler}, B.~P. and {Angus}, R. and {Baranec}, C. and {Bieryla}, A. and {Boschin}, W. and {Charbonneau}, D. and {Cosentino}, R. and {Dumusque}, X. and {Figueira}, P. and {Guenther}, D.~B. and {Harutyunyan}, A. and {Hellier}, C. and {Kuschnig}, R. and {Lopez-Morales}, M. and {Mayor}, M. and {Micela}, G. and {Moffat}, A.~F.~J. and {Pedani}, M. and {Phillips}, D.~F. and {Piotto}, G. and {Pollacco}, D. and {Queloz}, D. and {Rice}, K. and {Riddle}, R. and {Rowe}, J.~F. and {Rucinski}, S.~M. and {Sasselov}, D. and {Segransan}, D. and {Sozzetti}, A. and {Szentgyorgyi}, A. and {Watson}, C. and {Weiss}, W.~W.},
	Date-Added = {2015-02-07 15:07:15 +0000},
	Date-Modified = {2015-02-07 15:11:25 +0000},
	Eprint = {1412.5674},
	Journal = {ArXiv e-prints},
	Keywords = {Astrophysics - Earth and Planetary Astrophysics, Astrophysics - Solar and Stellar Astrophysics},
	Month = dec,
	Primaryclass = {astro-ph.EP},
	Title = {{Characterizing K2 Planet Discoveries: A super-Earth transiting the bright K-dwarf HIP 116454}},
	Year = 2014}

@article{Vanderburg:2014,
	Adsnote = {Provided by the SAO/NASA Astrophysics Data System},
	Adsurl = {http://adsabs.harvard.edu/abs/2014PASP..126..948V},
	Archiveprefix = {arXiv},
	Author = {{Vanderburg}, A. and {Johnson}, J.~A.},
	Date-Added = {2015-02-07 15:07:03 +0000},
	Date-Modified = {2015-02-07 15:11:15 +0000},
	Doi = {10.1086/678764},
	Eprint = {1408.3853},
	Journal = {\pasp},
	Keywords = {Data Analysis and Techniques},
	Month = dec,
	Pages = {948-958},
	Primaryclass = {astro-ph.IM},
	Title = {{A Technique for Extracting Highly Precise Photometry for the Two-Wheeled Kepler Mission}},
	Volume = 126,
	Year = 2014,
	Bdsk-Url-1 = {http://dx.doi.org/10.1086/678764}}

@article{pdc2,
	Adsnote = {Provided by the SAO/NASA Astrophysics Data System},
	Adsurl = {http://adsabs.harvard.edu/abs/2012PASP..124.1000S},
	Archiveprefix = {arXiv},
	Author = {{Smith}, J.~C. and {Stumpe}, M.~C. and {Van Cleve}, J.~E. and {Jenkins}, J.~M. and {Barclay}, T.~S. and {Fanelli}, M.~N. and {Girouard}, F.~R. and {Kolodziejczak}, J.~J. and {McCauliff}, S.~D. and {Morris}, R.~L. and {Twicken}, J.~D.},
	Date-Added = {2015-02-07 15:05:52 +0000},
	Date-Modified = {2015-02-07 15:05:56 +0000},
	Doi = {10.1086/667697},
	Eprint = {1203.1383},
	Journal = {\pasp},
	Keywords = {Data Analysis and Techniques},
	Month = sep,
	Pages = {1000-1014},
	Primaryclass = {astro-ph.IM},
	Title = {{Kepler Presearch Data Conditioning II - A Bayesian Approach to Systematic Error Correction}},
	Volume = 124,
	Year = 2012,
	Bdsk-Url-1 = {http://dx.doi.org/10.1086/667697}}

@article{pdc1,
	Adsnote = {Provided by the SAO/NASA Astrophysics Data System},
	Adsurl = {http://adsabs.harvard.edu/abs/2012PASP..124..985S},
	Archiveprefix = {arXiv},
	Author = {{Stumpe}, M.~C. and {Smith}, J.~C. and {Van Cleve}, J.~E. and {Twicken}, J.~D. and {Barclay}, T.~S. and {Fanelli}, M.~N. and {Girouard}, F.~R. and {Jenkins}, J.~M. and {Kolodziejczak}, J.~J. and {McCauliff}, S.~D. and {Morris}, R.~L.},
	Date-Added = {2015-02-07 15:05:30 +0000},
	Date-Modified = {2015-02-07 15:16:36 +0000},
	Doi = {10.1086/667698},
	Eprint = {1203.1382},
	Journal = {\pasp},
	Keywords = {Data Analysis and Techniques},
	Month = sep,
	Pages = {985-999},
	Primaryclass = {astro-ph.IM},
	Title = {{Kepler Presearch Data Conditioning I - Architecture and Algorithms for Error Correction in Kepler Light Curves}},
	Volume = 124,
	Year = 2012,
	Bdsk-Url-1 = {http://dx.doi.org/10.1086/667698}}

@article{cdpp,
	Adsnote = {Provided by the SAO/NASA Astrophysics Data System},
	Adsurl = {http://adsabs.harvard.edu/abs/2012PASP..124.1279C},
	Archiveprefix = {arXiv},
	Author = {{Christiansen}, J.~L. and {Jenkins}, J.~M. and {Caldwell}, D.~A. and {Burke}, C.~J. and {Tenenbaum}, P. and {Seader}, S. and {Thompson}, S.~E. and {Barclay}, T.~S. and {Clarke}, B.~D. and {Li}, J. and {Smith}, J.~C. and {Stumpe}, M.~C. and {Twicken}, J.~D. and {Van Cleve}, J.},
	Date-Added = {2015-02-07 15:05:01 +0000},
	Date-Modified = {2015-02-07 15:05:06 +0000},
	Doi = {10.1086/668847},
	Eprint = {1208.0595},
	Journal = {\pasp},
	Keywords = {Extrasolar Planets},
	Month = dec,
	Pages = {1279-1287},
	Primaryclass = {astro-ph.EP},
	Title = {{The Derivation, Properties, and Value of Kepler''s Combined Differential Photometric Precision}},
	Volume = 124,
	Year = 2012,
	Bdsk-Url-1 = {http://dx.doi.org/10.1086/668847}}

@article{astrometry,
	Adsnote = {Provided by the SAO/NASA Astrophysics Data System},
	Adsurl = {http://adsabs.harvard.edu/abs/2010AJ....139.1782L},
	Archiveprefix = {arXiv},
	Author = {{Lang}, D. and {Hogg}, D.~W. and {Mierle}, K. and {Blanton}, M. and {Roweis}, S.},
	Date-Added = {2015-02-07 15:04:03 +0000},
	Date-Modified = {2015-02-07 15:04:10 +0000},
	Doi = {10.1088/0004-6256/139/5/1782},
	Eprint = {0910.2233},
	Journal = {\aj},
	Keywords = {astrometry, catalogs, instrumentation: miscellaneous, methods: data analysis, methods: statistical, techniques: image processing},
	Month = may,
	Pages = {1782-1800},
	Primaryclass = {astro-ph.IM},
	Title = {{Astrometry.net: Blind Astrometric Calibration of Arbitrary Astronomical Images}},
	Volume = 139,
	Year = 2010,
	Bdsk-Url-1 = {http://dx.doi.org/10.1088/0004-6256/139/5/1782}}

@article{Crossfield:2015,
	Adsnote = {Provided by the SAO/NASA Astrophysics Data System},
	Adsurl = {http://adsabs.harvard.edu/abs/2015arXiv150103798C},
	Archiveprefix = {arXiv},
	Author = {{Crossfield}, I.~J.~M. and {Petigura}, E. and {Schlieder}, J. and {Howard}, A.~W. and {Fulton}, B.~J. and {Aller}, K.~M. and {Ciardi}, D.~R. and {Lepine}, S. and {Barclay}, T. and {de Pater}, I. and {de Kleer}, K. and {Quintana}, E.~V. and {Christiansen}, J.~L. and {Schlafly}, E. and {Kaltenegger}, L. and {Crepp}, J.~R. and {Henning}, T. and {Obermeier}, C. and {Deacon}, N. and {Hansen}, B.~M.~S. and {Liu}, M.~C. and {Greene}, T. and {Howell}, S.~B. and {Barman}, T. and {Mordasini}, C.},
	Date-Added = {2015-02-07 14:55:35 +0000},
	Date-Modified = {2015-02-07 15:13:15 +0000},
	Eprint = {1501.03798},
	Journal = {ArXiv e-prints},
	Keywords = {Astrophysics - Earth and Planetary Astrophysics, Astrophysics - Solar and Stellar Astrophysics},
	Month = jan,
	Primaryclass = {astro-ph.EP},
	Title = {{A nearby M star with three transiting super-Earths discovered by K2}},
	Year = 2015}

@article{Latham:2009,
	Adsnote = {Provided by the SAO/NASA Astrophysics Data System},
	Adsurl = {http://adsabs.harvard.edu/abs/2009ApJ...704.1107L},
	Archiveprefix = {arXiv},
	Author = {{Latham}, D.~W. and {Bakos}, G.~{\'A}. and {Torres}, G. and {Stefanik}, R.~P. and {Noyes}, R.~W. and {Kov{\'a}cs}, G. and {P{\'a}l}, A. and {Marcy}, G.~W. and {Fischer}, D.~A. and {Butler}, R.~P. and {Sip{\H o}cz}, B. and {Sasselov}, D.~D. and {Esquerdo}, G.~A. and {Vogt}, S.~S. and {Hartman}, J.~D. and {Kov{\'a}cs}, G. and {L{\'a}z{\'a}r}, J. and {Papp}, I. and {S{\'a}ri}, P.},
	Doi = {10.1088/0004-637X/704/2/1107},
	Eprint = {0812.1161},
	Journal = {\apj},
	Keywords = {planetary systems, stars: individual: HAT-P-8 GSC 02757-01152, techniques: spectroscopic},
	Month = oct,
	Pages = {1107-1119},
	Title = {{Discovery of a Transiting Planet and Eight Eclipsing Binaries in HATNet Field G205}},
	Volume = 704,
	Year = 2009,
	Bdsk-Url-1 = {http://dx.doi.org/10.1088/0004-637X/704/2/1107}}

@article{Almenara:2009,
	Adsnote = {Provided by the SAO/NASA Astrophysics Data System},
	Adsurl = {http://adsabs.harvard.edu/abs/2009A%26A...506..337A},
	Archiveprefix = {arXiv},
	Author = {{Almenara}, J.~M. and {Deeg}, H.~J. and {Aigrain}, S. and {Alonso}, R. and {Auvergne}, M. and {Baglin}, A. and {Barbieri}, M. and {Barge}, P. and {Bord{\'e}}, P. and {Bouchy}, F. and {Bruntt}, H. and {Cabrera}, J. and {Carone}, L. and {Carpano}, S. and {Catala}, C. and {Csizmadia}, S. and {de La Reza}, R. and {Deleuil}, M. and {Dvorak}, R. and {Erikson}, A. and {Fridlund}, M. and {Gandolfi}, D. and {Gillon}, M. and {Gondoin}, P. and {Guenther}, E. and {Guillot}, T. and {Hatzes}, A. and {H{\'e}brard}, G. and {Jorda}, L. and {Lammer}, H. and {L{\'e}ger}, A. and {Llebaria}, A. and {Loeillet}, B. and {Magain}, P. and {Mayor}, M. and {Mazeh}, T. and {Moutou}, C. and {Ollivier}, M. and {P{\"a}tzold}, M. and {Pont}, F. and {Queloz}, D. and {Rauer}, H. and {R{\'e}gulo}, C. and {Renner}, S. and {Rouan}, D. and {Samuel}, B. and {Schneider}, J. and {Shporer}, A. and {Wuchterl}, G. and {Zucker}, S.},
	Doi = {10.1051/0004-6361/200911926},
	Eprint = {0908.1172},
	Journal = {\aap},
	Keywords = {techniques: photometric, stars: binaries: eclipsing, stars: planetary systems},
	Month = oct,
	Pages = {337-341},
	Primaryclass = {astro-ph.EP},
	Title = {{Rate and nature of false positives in the CoRoT exoplanet search}},
	Volume = 506,
	Year = 2009,
	Bdsk-Url-1 = {http://dx.doi.org/10.1051/0004-6361/200911926}}

@article{Odonovan:2006,
	Adsnote = {Provided by the SAO/NASA Astrophysics Data System},
	Adsurl = {http://adsabs.harvard.edu/abs/2006ApJ...644.1237O},
	Author = {{O'Donovan}, F.~T. and {Charbonneau}, D. and {Torres}, G. and {Mandushev}, G. and {Dunham}, E.~W. and {Latham}, D.~W. and {Alonso}, R. and {Brown}, T.~M. and {Esquerdo}, G.~A. and {Everett}, M.~E. and {Creevey}, O.~L.},
	Doi = {10.1086/503740},
	Eprint = {astro-ph/0603005},
	Journal = {\apj},
	Keywords = {Stars: Binaries: Eclipsing, Stars: Planetary Systems, stars: individual (GSC 03885-00829), Techniques: Photometric, Techniques: Radial Velocities},
	Month = jun,
	Pages = {1237-1245},
	Title = {{Rejecting Astrophysical False Positives from the TrES Transiting Planet Survey: The Example of GSC 03885-00829}},
	Volume = 644,
	Year = 2006,
	Bdsk-Url-1 = {http://dx.doi.org/10.1086/503740}}

@article{Poleski:2010,
	Adsnote = {Provided by the SAO/NASA Astrophysics Data System},
	Adsurl = {http://adsabs.harvard.edu/abs/2010ApJS..189..134P},
	Archiveprefix = {arXiv},
	Author = {{Poleski}, R. and {McCullough}, P.~R. and {Valenti}, J.~A. and {Burke}, C.~J. and {Machalek}, P. and {Janes}, K.},
	Doi = {10.1088/0067-0049/189/1/134},
	Eprint = {1006.2139},
	Journal = {\apjs},
	Keywords = {astronomical databases: miscellaneous, binaries: eclipsing, binaries: spectroscopic, eclipses, ephemerides, surveys, techniques: radial velocities},
	Month = jul,
	Pages = {134-141},
	Primaryclass = {astro-ph.SR},
	Title = {{The XO Planetary Survey Project: Astrophysical False Positives}},
	Volume = 189,
	Year = 2010,
	Bdsk-Url-1 = {http://dx.doi.org/10.1088/0067-0049/189/1/134}}

@article{Bryson:2013,
	Adsnote = {Provided by the SAO/NASA Astrophysics Data System},
	Adsurl = {http://adsabs.harvard.edu/abs/2013PASP..125..889B},
	Archiveprefix = {arXiv},
	Author = {{Bryson}, S.~T. and {Jenkins}, J.~M. and {Gilliland}, R.~L. and {Twicken}, J.~D. and {Clarke}, B. and {Rowe}, J. and {Caldwell}, D. and {Batalha}, N. and {Mullally}, F. and {Haas}, M.~R. and {Tenenbaum}, P.},
	Doi = {10.1086/671767},
	Eprint = {1303.0052},
	Journal = {\pasp},
	Keywords = {Extrasolar Planets},
	Month = aug,
	Pages = {889-923},
	Primaryclass = {astro-ph.IM},
	Title = {{Identification of Background False Positives from Kepler Data}},
	Volume = 125,
	Year = 2013,
	Bdsk-Url-1 = {http://dx.doi.org/10.1086/671767}}

@article{Fressin:2013,
	Adsnote = {Provided by the SAO/NASA Astrophysics Data System},
	Adsurl = {http://adsabs.harvard.edu/abs/2013ApJ...766...81F},
	Archiveprefix = {arXiv},
	Author = {{Fressin}, F. and {Torres}, G. and {Charbonneau}, D. and {Bryson}, S.~T. and {Christiansen}, J. and {Dressing}, C.~D. and {Jenkins}, J.~M. and {Walkowicz}, L.~M. and {Batalha}, N.~M.},
	Doi = {10.1088/0004-637X/766/2/81},
	Eid = {81},
	Eprint = {1301.0842},
	Journal = {\apj},
	Keywords = {binaries: eclipsing, methods: data analysis, methods: statistical, planetary systems},
	Month = apr,
	Pages = {81},
	Primaryclass = {astro-ph.EP},
	Title = {{The False Positive Rate of Kepler and the Occurrence of Planets}},
	Volume = 766,
	Year = 2013,
	Bdsk-Url-1 = {http://dx.doi.org/10.1088/0004-637X/766/2/81}}


@article{hat,
   author = {{Kov{\'a}cs}, G. and {Bakos}, G. and {Noyes}, R.~W.},
    title = "{A trend filtering algorithm for wide-field variability surveys}",
  journal = {\mnras},
   eprint = {astro-ph/0411724},
 keywords = {methods: data analysis, surveys, planetary systems, stars: variables: other},
     year = 2005,
    month = jan,
   volume = 356,
    pages = {557-567},
      doi = {10.1111/j.1365-2966.2004.08479.x},
   adsurl = {http://adsabs.harvard.edu/abs/2005MNRAS.356..557K},
  adsnote = {Provided by the SAO/NASA Astrophysics Data System}
}
